@book{Velleman,
author = {Daniel J. Velleman},
title= {How To Prove It: A Structured Approach},
publisher= {Cambridge University Press},
year = 1994
}

@book{Caldwell_Discrete,
author = {James Caldwell},
title= {Logic and Discrete Mathematics for Computer Scientists},
pages = {200 pp. + xii}, 
month = {August},
year={2011},
publisher = {College Publications}}