@book{hudak,
  title = {The Haskell School of Expression: Learning Functional Programming through Multimedia},
  author = {Paul Hudak},
  publisher = {Cambridge University Press},
  year = 2000
}

@misc{hudak_errata,
 note = {{\tt{http://www.haskell.org/soe/Bug/erata.htm}}}}
