@book{knuthv1,
author = {Donald Knuth},
title = {The Art of Computer Programming: Fundamental Algorithms},
publisher = {Addison Wesley},
volume = 1,
address={Reading, MA},
year = 1973
}